<record><leader>00000cas a22000007a 4500</leader><controlfield tag="001">14233335</controlfield><controlfield tag="008">860918d18771879pauwr ne      0    0eng d</controlfield><datafield ind1=" " ind2=" " tag="010"><subfield code="a">sn 87078091 </subfield></datafield><datafield ind1=" " ind2=" " tag="040"><subfield code="a">NPH</subfield><subfield code="b">eng</subfield><subfield code="c">NPH</subfield><subfield code="d">OCLCQ</subfield><subfield code="d">CUS</subfield></datafield><datafield ind1=" " ind2=" " tag="042"><subfield code="a">msc</subfield></datafield><datafield ind1="1" ind2="4" tag="050"><subfield code="a">AN</subfield></datafield><datafield ind1="0" ind2=" " tag="130"><subfield code="a">Leader (Wilkes-Barre, Pa.)</subfield></datafield><datafield ind1="1" ind2="4" tag="245"><subfield code="a">The leader.</subfield></datafield><datafield ind1=" " ind2=" " tag="260"><subfield code="a">Wilkes-Barre, Pa. :</subfield><subfield code="b">E.A. Niven,</subfield><subfield code="c">1877-1879.</subfield></datafield><datafield ind1=" " ind2=" " tag="300"><subfield code="a">3 v. ;</subfield><subfield code="c">55-64 cm.</subfield></datafield><datafield ind1=" " ind2=" " tag="310"><subfield code="a">Weekly</subfield></datafield><datafield ind1="0" ind2=" " tag="362"><subfield code="a">Vol. 1, no. 29 (Feb. 1, 1877)-v. 3, no. 26 (Jan. 9, 1879).</subfield></datafield><datafield ind1="1" ind2=" " tag="362"><subfield code="a">Began Jan. 22, 1876.</subfield><subfield code="z">Cf. Rossell, G. Pa. newspapers.</subfield></datafield><datafield ind1=" " ind2=" " tag="500"><subfield code="a">Publisher: Leader Co., &lt;1877-1879&gt;.</subfield></datafield><datafield ind1=" " ind2=" " tag="500"><subfield code="a">Moved from Pittston, Pa.</subfield></datafield><datafield ind1=" " ind2=" " tag="752"><subfield code="a">United States</subfield><subfield code="b">Pennsylvania</subfield><subfield code="c">Luzerne</subfield><subfield code="d">Wilkes-Barre.</subfield></datafield><datafield ind1="0" ind2="7" tag="785"><subfield code="t">Luzerne union</subfield><subfield code="w">(DLC)sn 84026589</subfield></datafield><datafield ind1="0" ind2="7" tag="785"><subfield code="t">Union leader (Wilkes-Barre, Pa.)</subfield><subfield code="w">(DLC)sn 87080007</subfield></datafield><datafield ind1="4" ind2="1" tag="856"><subfield code="3">07/19/1877 to 01/09/1879</subfield><subfield code="u">http://infoweb.newsbank.com/?db=EANX&amp;s_browseRef=decades/12F81C6F6AD8477E/all.xml</subfield></datafield></record>